@book{sklar1988digital,
  title={Digital communications: fundamentals and applications},
  author={Sklar, Bernard and Harris, Fredric J},
  volume={2001},
  year={1988},
  publisher={Prentice-hall Englewood Cliffs, NJ}
}